@online{Bilder:LogoSWS,
	AUTHOR="Seewiesenschule",
	PUBLISHER="Seewiesenschule",
	title = "Logo des Seewiesenschule Esslingen (swsLogo.png)",
	howpublished = "\url{https://webmail.all-inkl.com/}",
	NOTE = "Lizenz: (c) "
}
% 001
@online{BPBW:Chemie7-9,
	AUTHOR="LS",
	PUBLISHER="Landesistitut für Schulentwicklung, Mai 2017",
	month = "Mai", 
	year = "2017", 
	title = {Beispielcurriculum für das Fach Chemie, Klasse 7/8/9, Beispiel 1 GME},
	howpublished = "\url{http://www.schule-bw.de/service-und-tools/bildungsplaene/allgemein-bildende-schulen/bildungsplan-2016/beispielcurricula/sekundarstufe1/BP2016BW_ALLG_SEK1_CH_BC_7-9_BSP_1.docx}",
	NOTE = "Lizenz: (c) CC-BY-SA 4.0 DE; abgerufen am 27. Juli 2019."
}
% 002
@online{BPBW:Chemie10,
	AUTHOR="LS",
	PUBLISHER="Landesistitut für Schulentwicklung, Mai 2017",
	month = "Mai", 
	year = "2017", 
	title = {Beispielcurriculum für das Fach Chemie, Klasse 10, Beispiel 1},
	howpublished = "\url{http://www.schule-bw.de/service-und-tools/bildungsplaene/allgemein-bildende-schulen/bildungsplan-2016/beispielcurricula/sekundarstufe1/BP2016BW_ALLG_SEK1_CH_BC_10_BSP_1.docx}",
	NOTE = "Lizenz: (c) CC-BY-SA 4.0 DE; abgerufen am 27. Juli 2019."
}
% 003
@online{ZUM:Chemie,
	AUTHOR="Birgit Lachner",
	PUBLISHER="Zum.de Chemie Wiki",
	title = {Chemie-Buch I zum Lehrplan in Rheinland-Pfalz},
	howpublished = "\url{https://unterrichten.zum.de/wiki/Chemie-Buch_I_zum_Lehrplan_in_Rheinland-Pfalz}",
	NOTE = "Lizenz: (c) CC-BY-SA; abgerufen am 3. August 2019."
}
% 004
@online{BPBW:SEK1,
	AUTHOR="Land Baden-Württemberg - Kultusminterium BW",
	PUBLISHER="Zentrum für Schulqualität und Lehrerbildung (ZSL)",
	month = "März", 
	year = "2016", 
	title = {Gemeinsamer Bildungsplan für die Sekundarstufe I},
	howpublished = "\url{http://www.bildungsplaene-bw.de/,Lde/Startseite/BP2016BW_ALLG/BP2016BW_ALLG_SEK1}",
	NOTE = "Inkrafttretung: 23. März 2016 Az. 32 - 6510.20 / 370 / 291, abgerufen am 27. Juli 2019."
}
% 005
@online{Bild:Chemistry_Laboratory, 
	AUTHOR = "U.S. Army RDECOM from Aberdeen Proving Ground, MD, USA", 
	PUBLISHER="From Wikimedia Commons, the free media repository",
	title = "Chemistry Laboratory (6990209646).jpg", 
	year = "2012", 
	timestamp = {24 April 2012, 14:03}, 
	howpublished = "\url{https://commons.wikimedia.org/wiki/File:Chemistry_Laboratory_(6990209646).jpg}",
	NOTE = "Lizenz: (c) CC BY 2.0; abgerufen am 31. Juli 2019." 
} 
% 006
@online{Bild:Pauling, 
	AUTHOR = "US-Gov., Library of Congress, biographical file [Public domain]", 
	PUBLISHER="From Wikimedia Commons, the free media repository",
	title = "Pauling.jpg", 
	year = "2003", 
	timestamp = {22:56, 3. Aug 2003}, 
	howpublished = "\url{https://commons.wikimedia.org/wiki/File:Pauling.jpg}",
	NOTE = "Lizenz: (c) public domain; abgerufen am 31. Juli 2019." 
} 
% 007
@online{Bild:Aerogel, 
	AUTHOR = "NASA Stardust Website [Public domain]", 
	PUBLISHER="NASA Stardust Website",
	title = "Aerogelbrick.jpg", 
	year = "", 
	timestamp = {}, 
	howpublished = "\url{https://unterrichten.zum.de/wiki/Datei:Aerogelbrick.jpg}",
	NOTE = "Lizenz: (c) gemeinfrei (public domain), NASA ; abgerufen am 1. August 2019." 
} 
% 008
@online{Bild:TPUtexture, 
	AUTHOR = "Luigi Chiesa", 
	PUBLISHER="https://unterrichten.zum.de/",
	title = "800px-TPUtexture.jpg", 
	year = "2008", 
	timestamp = {5. März 2008}, 
	howpublished = "\url{https://unterrichten.zum.de/wiki/Datei:TPU_texture.jpg}",
	NOTE = "Lizenz: (c) CC BY-SA 3.0; abgerufen am 1. August 2019." 
} 
% 009
@online{Bild:Graphen, 
	AUTHOR = "AlexanderAlUS", 
	PUBLISHER="https://unterrichten.zum.de/",
	title = "750px-Graphen.jpg", 
	year = "2010", 
	timestamp = {26. August 2010}, 
	howpublished = "\url{https://unterrichten.zum.de/wiki/Datei:Graphen.jpg}",
	NOTE = "Lizenz: (c) CC BY-SA 3.0; abgerufen am 1. August 2019." 
} 
% 010
@online{Bild:FiatPandaHydrogen, 
	AUTHOR = " Formichino in der Wikipedia auf Italienisch", 
	PUBLISHER="https://unterrichten.zum.de/",
	title = "FiatPandaHydrogen2.jpg", 
	year = "2007", 
	timestamp = {7. Oktober 2007}, 
	howpublished = "\url{https://unterrichten.zum.de/wiki/Datei:FiatPandaHydrogen2.jpg}",
	NOTE = "Lizenz: (c) CC BY-SA 2.5 IT; abgerufen am 1. August 2019." 
}
% 011
@online{Bild:PompaMetano, 
	AUTHOR = "Luigi Chiesa", 
	PUBLISHER="https://unterrichten.zum.de/",
	title = "PompaMetano.jpg", 
	year = "2007", 
	timestamp = {4. Februar 2007}, 
	howpublished = "\url{https://unterrichten.zum.de/wiki/Datei:Pompa_metano.jpg}",
	NOTE = "Lizenz: (c) CC BY 3.0; abgerufen am 1. August 2019." 
}
% 012
@online{Bild:FuelCellNASA, 
	AUTHOR = "NASA Stardust Website [Public domain]", 
	PUBLISHER="NASA Stardust Website",
	title = "471px-FuelCellNASAp48600ac.jpg", 
	year = "", 
	timestamp = {}, 
	howpublished = "\url{ http://www2.jpl.nasa.gov/files//images/hi-res/p48600ac.tif,}",
	NOTE = "Lizenz: (c) gemeinfrei (public domain), NASA ; abgerufen am 1. August 2019." 
}
% 013
@online{Bild:RedFlowZBMModule, 
	AUTHOR = "Info redflowltd", 
	PUBLISHER="https://unterrichten.zum.de/",
	title = "RedFlowZBMModule.png", 
	year = "20011", 
	timestamp = {01:38, 8. Aug. 2011}, 
	howpublished = "\url{https://unterrichten.zum.de/wiki/Datei:RedFlow_ZBM.png}",
	NOTE = "Lizenz: (c) CC BY 3.0; abgerufen am 1. August 2019." 
}
%014
@online{ZUM:Sicherheit1,
	AUTHOR="Mestigoit",
	PUBLISHER="unterrichten.zum.de/wiki/",
	title = {Gebotszeichen M002: Gebrauchsanweisung beachten},
	howpublished = "\url{https://unterrichten.zum.de/wiki/Datei:ISO_7010_M002.svg}",
	timestamp = "1. August 2013, 12:45:20",
	NOTE = "Lizenz: (c) CC BY-SA 3.0; abgerufen am 31. Juli 2019."
}
% 015
@online{ZUM:Sicherheit2,
	AUTHOR="Mestigoit",
	PUBLISHER="unterrichten.zum.de/wiki/",
	title = {Gebotszeichen M011: Hände waschen},
	howpublished = "\url{https://unterrichten.zum.de/wiki/Datei:ISO_7010_M011.svg}",
	timestamp = "5. November 2014",
	NOTE = "Lizenz: (c) gemeinfrei; abgerufen am 31. Juli 2019."
}
% 016
@online{Bild:CuFlameTest,
	AUTHOR=" Burn~commonswiki als Autor angenommen (basierend auf den Rechteinhaber-Angaben)",
	PUBLISHER="https://commons.wikimedia.org/wiki/",
	title = {CuFlameTest.jpg},
	howpublished = "\url{https://commons.wikimedia.org/wiki/File:Flame_test.jpg?uselang=de}",
	timestamp = "17. September 2003",
	NOTE = "Lizenz: (c) CC BY-SA 3.0; abgerufen am 4. August 2019."
}
% 017
@online{Bild:TLCblackInk,
	AUTHOR="Natrij in der Wikipedia auf Englisch",
	PUBLISHER="https://unterrichten.zum.de/",
	title = {TLCblackInk.jpg},
	howpublished = "\url{https://unterrichten.zum.de/wiki/Datei:TLC_black_ink.jpg}",
	timestamp = "28. Dezember 2004 ",
	NOTE = "Lizenz: (c) CC BY-SA 3.0; abgerufen am 4. August 2019."
}
% 018
@online{Bild:GasChromatographyLaboratory,
	AUTHOR="Hey Paul from Sacramento, CA, USA",
	PUBLISHER="https://unterrichten.zum.de/",
	title = {800px-GasChromatographyLaboratory.jpg},
	howpublished = "\url{https://unterrichten.zum.de/wiki/Datei:Gas_Chromatography_Laboratory.jpg}",
	timestamp = "28. April 2007, 10:35",
	NOTE = "Lizenz: (c) CC BY 2.0; abgerufen am 4. August 2019."
}
% 019
@online{Bild:qrcodeVideoChemieIstAlles,
	AUTHOR="FainellKatPro",
	PUBLISHER="Youtube",
	title = {qrcodeVideoChemieIstAlles.png}, 
	howpublished = "\url{https://www.youtube.com/watch?v=Q0hWyhEF0XA}",
	timestamp = "12. August 2019",
	NOTE = "Lizenz: (c) "
}
% 020
@online{PDF:SicherheitChemieRaum,
	AUTHOR="B.Lachner",
	PUBLISHER="https://unterrichten.zum.de/wiki",
	title = {SicherheitChemieraum},
	howpublished = "\url{https://unterrichten.zum.de/wiki/Chemie-Buch_I_zum_Lehrplan_in_Rheinland-Pfalz}",
	timestamp = "2016-01-28 14:02:43",
	NOTE = "Lizenz: (c) CC-by-sa 3.0; B.Lachner."
}
% 021
@online{PDF:Laborordnung,
	AUTHOR="B.Lachner",
	PUBLISHER="https://unterrichten.zum.de/wiki",
	title = {Laborordnung},
	howpublished = "\url{https://unterrichten.zum.de/wiki/Chemie-Buch_I_zum_Lehrplan_in_Rheinland-Pfalz}",
	timestamp = "	20:56, 13. Aug. 2018",
	NOTE = "Lizenz: (c) CC-by-sa 3.0?; B.Lachner. / Selbsterstellt, Bilder CC0"
}
% 022
@online{Bild:qrcodeChemieSicherheit,
	AUTHOR="Eine Produktion der ZID-Medienstelle Universität für Bodenkultur Wien",
	PUBLISHER="Youtube",
	title = {qrcodeChemieSicherheit.png},
	howpublished = "\url{https://www.youtube.com/watch?v=lDdFAhpLm_M}",
	timestamp = "12. August 2019",
	NOTE = "Lizenz: (c) "
}
% 023
@online{Bild:GefahrensymbolDomestosflasche,
	AUTHOR="B.Lachner",
	PUBLISHER="https://unterrichten.zum.de/wiki",
	title = {Gefahrensymbol auf Domestosflasche},
	howpublished = "\url{https://unterrichten.zum.de/wiki/Datei:Gefahrensymbol_Domestos.jpg}",
	timestamp = "9. Dezember 2003 ",
	NOTE = "Lizenz: (c) CC-by-sa 3.0; B.Lachner."
}
% 024
@online{Bild:GefahrensymbolOelspray,
	AUTHOR="B.Lachner",
	PUBLISHER="https://unterrichten.zum.de/wiki",
	title = {Gefahrensymbol auf Ölspray},
	howpublished = "\url{https://unterrichten.zum.de/wiki/Datei:Gefahrensymbol_%C3%96lspray.jpg}",
	timestamp = "9. Dezember 2003 ",
	NOTE = "Lizenz: (c) CC-by-sa 3.0; B.Lachner."
}
% 025
@online{Bild:GefahrensymbolChlorung,
	AUTHOR="B.Lachner",
	PUBLISHER="https://unterrichten.zum.de/wiki",
	title = {Gefahrensymbol auf Chlorungsmittel},
	howpublished = "\url{https://unterrichten.zum.de/wiki/Datei:Gefahrensymbol_Chlorung.jpg}",
	timestamp = "9. Dezember 2003 ",
	NOTE = "Lizenz: (c) CC-by-sa 3.0; B.Lachner."
}
% 026
@online{Bild:GefahrenSymbolAlt,
	AUTHOR="B.Lachner / Ralf Weinert",
	PUBLISHER="https://unterrichten.zum.de/wiki",
	title = {Screenshot Gefahrenzeichen},
	howpublished = "\url{https://unterrichten.zum.de/wiki/Chemie-Buch_I_zum_Lehrplan_in_Rheinland-Pfalz/Einf%C3%BChrung_in_die_Arbeit_im_Labor}",
	timestamp = "12.08.2019 ",
	NOTE = "Lizenz: (c) CC-by-sa 3.0; B.Lachner."
}
% 027
@online{Bild:GefahrenSymbolNeu,
	AUTHOR="B.Lachner / Ralf Weinert",
	PUBLISHER="https://unterrichten.zum.de/wiki",
	title = {Screenshot Gefahrenzeichen},
	howpublished = "\url{https://unterrichten.zum.de/wiki/Chemie-Buch_I_zum_Lehrplan_in_Rheinland-Pfalz/Einf%C3%BChrung_in_die_Arbeit_im_Labor}",
	timestamp = "12.08.2019 ",
	NOTE = "Lizenz: (c) CC-by-sa 3.0; B.Lachner."
}
% 028
@online{Bild:DesinfektionHinten,
	AUTHOR="B.Lachner",
	PUBLISHER="https://unterrichten.zum.de/wiki",
	title = {Produkt-Bilder: Chemikalien im Alltag mit Gefahrensymbolen vorne und hinten},
	howpublished = "\url{https://unterrichten.zum.de/wiki/Datei:Desinfektion_hinten.jpg}",
	timestamp = "2016-02-12 18:35:04",
	NOTE = "Lizenz: (c) CC-by-sa 3.0; B.Lachner."
}
% 029
@online{PDF:GHSTabelle,
	AUTHOR="B.Lachner",
	PUBLISHER="https://unterrichten.zum.de/wiki",
	title = {Gefahrensymbole und ihre Eigenschaften sammeln},
	howpublished = "\url{https://unterrichten.zum.de/wiki/Datei:ARBEITSBLATT_Gefahrensymbole_1_nach_GHS_ODT.pdf}",
	timestamp = "2016-02-16 15:27:46",
	NOTE = "Lizenz: (c) CC-by-sa 3.0; B.Lachner."
}
% 030
@online{LIZENZ,
	AUTHOR="Commons Creative",
	PUBLISHER="https://creativecommons.org/licenses/by-sa/4.0/deed.de",
	title = {Dieser Werk steht unter der Lizenz: CC BY-SA 4.0},
	howpublished = "\url{https://creativecommons.org/licenses/by-sa/4.0/deed.de}",
	timestamp = "2016-02-16 15:27:46",
	NOTE = "Lizenz: (c) CC-by-sa 4.0, Ralf Weinert"
}
% 031 Photo by Debby Hudson on Unsplash
@online{Bild:Buchstapel,
	AUTHOR="Photo by Debby Hudson \url{https://unsplash.com/@dhudson_creative} on Unsplash",
	PUBLISHER="https://unsplash.com/photos/asviIGR3CPE",
	title = {pile of books beside white printer paper and black ballpoint pen},
	howpublished = "\url{https://unsplash.com/photos/asviIGR3CPE}",
	timestamp = "2019-09-08 09:35:04",
	NOTE = "Lizenz: Gemeinfrei - Photo by Debby Hudson on Unsplash"
}
% 032 032Buecher.png
@online{Bild:032Buecher,
	AUTHOR="Ralf Weinert",
	PUBLISHER="Ralf Weinert, eigenes Werk",
	title = {Bücher im Regal},
	timestamp = "2019-09-08 09:35:04",
	NOTE = "Lizenz: (c) CC-by-sa 4.0 , Ralf Weinert"
}
% 033 Photo by William Bayreuther on Unsplash
@online{Bild:033Video,
	AUTHOR="Photo by William Bayreuther \url{https://unsplash.com/@wbayreuther?utm_source=unsplash&utm_medium=referral&utm_content=creditCopyText} on Unsplash",
	PUBLISHER="https://unsplash.com/photos/UqlWfdDiEIM",
	title = {selective focus photography of woman holding camera gimbal},
	howpublished = "\url{https://unsplash.com/photos/UqlWfdDiEIM}",
	timestamp = "2019-09-08 11:35:04",
	NOTE = "Lizenz: Gemeinfrei - Photo by William Bayreuther on Unsplash"
}
% 034 Bild bei https://www.flickr.com/photos/britishlibrary
@online{Bild:034Papermill,
	AUTHOR="unbekannt",
	PUBLISHER="British Library via Flicker.com",
	title = {Papiermühle},
	howpublished = "\url{https://www.flickr.com/photos/britishlibrary/11287790875/in/album-72157639428882575/}",
	timestamp = "2019-09-17 21:11",
	NOTE = "Lizenz: cco via British Library bei Flicker.com"
}
% 035 Bild bei https://www.flickr.com/photos/britishlibrary
@online{Bild:035destillation,
	AUTHOR="unbekannt",
	PUBLISHER="British Library via Flicker.com",
	title = {Destillatonsapparatur},
	howpublished = "\url{https://www.flickr.com/photos/britishlibrary/11279231095/in/album-72157639428882575/}",
	timestamp = "2019-09-17 21:14",
	NOTE = "Lizenz: cco via British Library bei Flicker.com"
}
% 036 Bild bei https://www.flickr.com/photos/britishlibrary
@online{Bild:036mikroskop,
	AUTHOR="unbekannt",
	PUBLISHER="British Library via Flicker.com",
	title = {Mikroskop},
	howpublished = "\url{https://www.flickr.com/photos/britishlibrary/11304192526/in/album-72157639428882575/}",
	timestamp = "2019-09-17 21:16",
	NOTE = "Lizenz: cco via British Library bei Flicker.com"
}
% 037 Bild bei https://www.flickr.com/photos/britishlibrary
@online{Bild:037spectroskop,
	AUTHOR="unbekannt",
	PUBLISHER="British Library via Flicker.com",
	title = {Spectroskop},
	howpublished = "\url{https://www.flickr.com/photos/britishlibrary/11140999946/in/album-72157639428882575/}",
	timestamp = "2019-09-17 21:18",
	NOTE = "Lizenz: cco via British Library bei Flicker.com"
}
% 038 Bild bei https://www.flickr.com/photos/britishlibrary
@online{Bild:038dampfmaschine,
	AUTHOR="unbekannt",
	PUBLISHER="British Library via Flicker.com",
	title = {Dampfmaschine aus Birmingham},
	howpublished = "\url{https://www.flickr.com/photos/britishlibrary/11236037604/in/album-72157639428882575/}",
	timestamp = "2019-09-17 21:23",
	NOTE = "Lizenz: cco via British Library bei Flicker.com"
}
% 039 Bild bei https://www.flickr.com/photos/britishlibrary
@online{Bild:039thermometer,
	AUTHOR="unbekannt",
	PUBLISHER="British Library via Flicker.com",
	title = {Thermometer},
	howpublished = "\url{https://www.flickr.com/photos/britishlibrary/10999082864/in/album-72157639428882575/}",
	timestamp = "2019-09-17 21:27",
	NOTE = "Lizenz: cco via British Library bei Flicker.com"
}
% 040 Bild bei https://www.flickr.com/photos/britishlibrary
@online{Bild:040firstdragoon,
	AUTHOR="unbekannt",
	PUBLISHER="British Library via Flicker.com",
	title = {First Dragoon},
	howpublished = "\url{https://www.flickr.com/photos/britishlibrary/11221810816/in/album-72157638739336254/}",
	timestamp = "2019-09-17 21:33",
	NOTE = "Lizenz: cco via British Library bei Flicker.com"
}
% 041 Bild bei https://www.flickr.com/photos/britishlibrary
@online{Bild:041seconddragoon,
	AUTHOR="unbekannt",
	PUBLISHER="British Library via Flicker.com",
	title = {Second Dragoon},
	howpublished = "\url{https://www.flickr.com/photos/britishlibrary/11221910853/in/album-72157638739336254/}",
	timestamp = "2019-09-17 21:34",
	NOTE = "Lizenz: cco via British Library bei Flicker.com"
}
% 042 Bild bei https://www.flickr.com/photos/britishlibrary
@online{Bild:042thirdhussar,
	AUTHOR="unbekannt",
	PUBLISHER="British Library via Flicker.com",
	title = {Third Hussar},
	howpublished = "\url{https://www.flickr.com/photos/britishlibrary/11221801234/in/album-72157638739336254/}",
	timestamp = "2019-09-17 21:34",
	NOTE = "Lizenz: cco via British Library bei Flicker.com"
}
% 043 Bild bei https://www.flickr.com/photos/britishlibrary
@online{Bild:043Lions,
	AUTHOR="unbekannt",
	PUBLISHER="British Library via Flicker.com",
	title = {Lions},
	howpublished = "\url{https://www.flickr.com/photos/britishlibrary/11221922383/in/album-72157638739336254/}",
	timestamp = "2019-09-17 21:34",
	NOTE = "Lizenz: cco via British Library bei Flicker.com"
}
% 044 Bild bei https://www.flickr.com/photos/britishlibrary
@online{Bild:044hussar,
	AUTHOR="unbekannt",
	PUBLISHER="British Library via Flicker.com",
	title = {Hussar},
	howpublished = "\url{https://www.flickr.com/photos/britishlibrary/11221813775/in/album-72157638739336254/}",
	timestamp = "2019-09-17 21:35",
	NOTE = "Lizenz: cco via British Library bei Flicker.com"
}
% 045 Bild bei https://www.flickr.com/photos/britishlibrary
@online{Bild:045infantry,
	AUTHOR="unbekannt",
	PUBLISHER="British Library via Flicker.com",
	title = {Infantry},
	howpublished = "\url{https://www.flickr.com/photos/britishlibrary/11221805134/in/album-72157638739336254/}",
	timestamp = "2019-09-17 21:35",
	NOTE = "Lizenz: cco via British Library bei Flicker.com"
}
% 046 Photo by Solstice Hannan on Unsplash
@online{Bild:Senses,
	AUTHOR="Photo by Solstice Hannan \url{https://unsplash.com/@darkersolstice?utm_source=unsplash&utm_medium=referral&utm_content=creditCopyText} on Unsplash",
	PUBLISHER="https://unsplash.com/photos/6g2baTibNVo",
	title = {smell - taste - touch},
	howpublished = "\url{https://unsplash.com/photos/6g2baTibNVo}",
	timestamp = "2019-09-19 19:24:04",
	NOTE = "Lizenz: Gemeinfrei - Photo by Solstice Hannan on Unsplash"
}
% 047 Pickup Image
@online{Bild:047MedienCafe,
	AUTHOR="pixabay on Pickup Image - Photo id:2337502",
	PUBLISHER="https://pickupimage.com/free-photos/Office-desk-table-with-computer-supplies-and-coffee-cup/2337502",
	title = {Office Desk Table With Computer, Supplies And Coffee Cup,},
	howpublished = "\url{https://pickupimage.com/free-photos/Office-desk-table-with-computer-supplies-and-coffee-cup/2337502}",
	timestamp = "2019-09-26 21:04",
	NOTE = "Lizenz: Gemeinfrei - Photo by pixabay on Pickup Image - Photo id:2337502"
}
% 048 Pickup Image
@online{Bild:048Note,
	AUTHOR="clipart on Pickup Image - Photo id:2321525",
	PUBLISHER="https://pickupimage.com/free-photos/Illustration-Of-A-Blank-Note/2321525",
	title = {Illustration Of A Blank Note},
	howpublished = "\url{https://pickupimage.com/free-photos/Illustration-Of-A-Blank-Note/2321525}",
	timestamp = "2019-09-27 13:45",
	NOTE = "Lizenz: Gemeinfrei - Photo by clipart on Pickup Image - Photo id:2321525"
}
% 049 Photo by Nick Morrison on Unsplash
@online{Bild:049Laptop,
	AUTHOR=" Photo by Nick Morrison \url{https://unsplash.com/@nickmorrison?utm_medium=referral&utm_campaign=photographer-credit&utm_content=creditBadge} on Unsplash",
	PUBLISHER="https://unsplash.com/photos/6g2baTibNVo",
	title = {Laptop and notepad},
	howpublished = "\url{https://unsplash.com/photos/FHnnjk1Yj7Y}",
	timestamp = "2019-09-27 18:44:04",
	NOTE = "Lizenz: Gemeinfrei - Photo by  Photo by Nick Morrison on Unsplash"
}
% 050 Pickup Image
@online{Bild:048Note,
	AUTHOR="designcoo on Pickup Image - Photo id:2338142",
	PUBLISHER="https://pickupimage.com/free-photos/vintage-White-cup-of-hot-coffee-and-note-book-on-wood-table/2338142",
	title = {Vintage White Cup Of Hot Coffee And Note Book On Wood Table},
	howpublished = "\url{https://pickupimage.com/free-photos/vintage-White-cup-of-hot-coffee-and-note-book-on-wood-table/2338142}",
	timestamp = "2019-09-27 21:40",
	NOTE = "Lizenz: Gemeinfrei - Photo by designcoo on Pickup Image - Photo id:2338142"
}
% 051Photo by Gaelle Marcel on Unsplash
@online{Bild:051FeetBack,
	AUTHOR="Photo by Gaelle Marcel on Unsplash \url{https://https://unsplash.com/@gaellemarcel} on Unsplash",
	PUBLISHER="https://unsplash.com/photos/gIj7RJPAkJA",
	title = {Feet on a road arrow},
	howpublished = "\url{https://unsplash.com/photos/gIj7RJPAkJA}",
	timestamp = "2019-10-15 21:05",
	NOTE = "Lizenz: Gemeinfrei - Photo by Gaelle Marcel on Unsplash"
}
% 052 File:GHS HAZCOM Safety Labels.jpg
@online{Bild:GHS01,
	AUTHOR="Mpelletier1 auf Wikipedia via: Attribution: Identify the image source as Atlantic Training and link that text to http://www.atlantictraining.com/shop/workplace-global-harmonization-system-ghs.html on your same page that uses this image.",
	PUBLISHER="https://www.atlantictraining.com/shop/workplace-global-harmonization-system-ghs.html",
	title = {GHS HAZCOM Safety Labels.jpg},
	howpublished = "\url{https://commons.wikimedia.org/wiki/File:GHS_HAZCOM_Safety_Labels.jpg}",
	timestamp = "26 February 2016, 06:10:03",
	NOTE = "Lizenz:  Creative Commons Attribution-Share Alike 3.0 Unported license."
}% 052 File:GHS HAZCOM Safety Labels.jpg
@online{Bild:GHS02,
	AUTHOR="Mpelletier1 auf Wikipedia via: Attribution: Identify the image source as Atlantic Training and link that text to http://www.atlantictraining.com/shop/workplace-global-harmonization-system-ghs.html on your same page that uses this image.",
	PUBLISHER="https://www.atlantictraining.com/shop/workplace-global-harmonization-system-ghs.html",
	title = {GHS HAZCOM Safety Labels.jpg},
	howpublished = "\url{https://commons.wikimedia.org/wiki/File:GHS_HAZCOM_Safety_Labels.jpg}",
	timestamp = "26 February 2016, 06:10:03",
	NOTE = "Lizenz:  Creative Commons Attribution-Share Alike 3.0 Unported license."
}
% 052 File:GHS HAZCOM Safety Labels.jpg
@online{Bild:GHS03,
	AUTHOR="Mpelletier1 auf Wikipedia via: Attribution: Identify the image source as Atlantic Training and link that text to http://www.atlantictraining.com/shop/workplace-global-harmonization-system-ghs.html on your same page that uses this image.",
	PUBLISHER="https://www.atlantictraining.com/shop/workplace-global-harmonization-system-ghs.html",
	title = {GHS HAZCOM Safety Labels.jpg},
	howpublished = "\url{https://commons.wikimedia.org/wiki/File:GHS_HAZCOM_Safety_Labels.jpg}",
	timestamp = "26 February 2016, 06:10:03",
	NOTE = "Lizenz:  Creative Commons Attribution-Share Alike 3.0 Unported license."
}
% 052 File:GHS HAZCOM Safety Labels.jpg
@online{Bild:GHS04,
	AUTHOR="Mpelletier1 auf Wikipedia via: Attribution: Identify the image source as Atlantic Training and link that text to http://www.atlantictraining.com/shop/workplace-global-harmonization-system-ghs.html on your same page that uses this image.",
	PUBLISHER="https://www.atlantictraining.com/shop/workplace-global-harmonization-system-ghs.html",
	title = {GHS HAZCOM Safety Labels.jpg},
	howpublished = "\url{https://commons.wikimedia.org/wiki/File:GHS_HAZCOM_Safety_Labels.jpg}",
	timestamp = "26 February 2016, 06:10:03",
	NOTE = "Lizenz:  Creative Commons Attribution-Share Alike 3.0 Unported license."
}
% 052 File:GHS HAZCOM Safety Labels.jpg
@online{Bild:GHS05,
	AUTHOR="Mpelletier1 auf Wikipedia via: Attribution: Identify the image source as Atlantic Training and link that text to http://www.atlantictraining.com/shop/workplace-global-harmonization-system-ghs.html on your same page that uses this image.",
	PUBLISHER="https://www.atlantictraining.com/shop/workplace-global-harmonization-system-ghs.html",
	title = {GHS HAZCOM Safety Labels.jpg},
	howpublished = "\url{https://commons.wikimedia.org/wiki/File:GHS_HAZCOM_Safety_Labels.jpg}",
	timestamp = "26 February 2016, 06:10:03",
	NOTE = "Lizenz:  Creative Commons Attribution-Share Alike 3.0 Unported license."
}
% 052 File:GHS HAZCOM Safety Labels.jpg
@online{Bild:GHS06,
	AUTHOR="Mpelletier1 auf Wikipedia via: Attribution: Identify the image source as Atlantic Training and link that text to http://www.atlantictraining.com/shop/workplace-global-harmonization-system-ghs.html on your same page that uses this image.",
	PUBLISHER="https://www.atlantictraining.com/shop/workplace-global-harmonization-system-ghs.html",
	title = {GHS HAZCOM Safety Labels.jpg},
	howpublished = "\url{https://commons.wikimedia.org/wiki/File:GHS_HAZCOM_Safety_Labels.jpg}",
	timestamp = "26 February 2016, 06:10:03",
	NOTE = "Lizenz:  Creative Commons Attribution-Share Alike 3.0 Unported license."
}
% 052 File:GHS HAZCOM Safety Labels.jpg
@online{Bild:GHS07,
	AUTHOR="Mpelletier1 auf Wikipedia via: Attribution: Identify the image source as Atlantic Training and link that text to http://www.atlantictraining.com/shop/workplace-global-harmonization-system-ghs.html on your same page that uses this image.",
	PUBLISHER="https://www.atlantictraining.com/shop/workplace-global-harmonization-system-ghs.html",
	title = {GHS HAZCOM Safety Labels.jpg},
	howpublished = "\url{https://commons.wikimedia.org/wiki/File:GHS_HAZCOM_Safety_Labels.jpg}",
	timestamp = "26 February 2016, 06:10:03",
	NOTE = "Lizenz:  Creative Commons Attribution-Share Alike 3.0 Unported license."
}
% 052 File:GHS HAZCOM Safety Labels.jpg
@online{Bild:GHS08,
	AUTHOR="Mpelletier1 auf Wikipedia via: Attribution: Identify the image source as Atlantic Training and link that text to http://www.atlantictraining.com/shop/workplace-global-harmonization-system-ghs.html on your same page that uses this image.",
	PUBLISHER="https://www.atlantictraining.com/shop/workplace-global-harmonization-system-ghs.html",
	title = {GHS HAZCOM Safety Labels.jpg},
	howpublished = "\url{https://commons.wikimedia.org/wiki/File:GHS_HAZCOM_Safety_Labels.jpg}",
	timestamp = "26 February 2016, 06:10:03",
	NOTE = "Lizenz:  Creative Commons Attribution-Share Alike 3.0 Unported license."
}
% 052 File:GHS HAZCOM Safety Labels.jpg
@online{Bild:GHS09,
	AUTHOR="Mpelletier1 auf Wikipedia via: Attribution: Identify the image source as Atlantic Training and link that text to http://www.atlantictraining.com/shop/workplace-global-harmonization-system-ghs.html on your same page that uses this image.",
	PUBLISHER="https://www.atlantictraining.com/shop/workplace-global-harmonization-system-ghs.html",
	title = {GHS HAZCOM Safety Labels.jpg},
	howpublished = "\url{https://commons.wikimedia.org/wiki/File:GHS_HAZCOM_Safety_Labels.jpg}",
	timestamp = "26 February 2016, 06:10:03",
	NOTE = "Lizenz:  Creative Commons Attribution-Share Alike 3.0 Unported license."
}

